@book{Korte2018,
	author = {Korte, Bernhard and Vygen, Jens},
	year = {2018},
	title = {{Kombinatorische Optimierung}},
	subtitle = {{Theorie und Algorithmen}},
	address = {Berlin, Heidelberg},
	publisher = {{Springer Berlin Heidelberg}},
	isbn = {978-3-662-57691-5},
	doi = {10.1007/978-3-662-57691-5}
}

@book{Markovsky2019,
	author = {Markovsky, Ivan},
	year = {2019},
	title = {{Low-Rank Approximation}},
	subtitle = {{Algorithms, Implementation, Applications}},
	address = {Cham},
	publisher = {{Springer International Publishing}},
	isbn = {978-3-319-89620-5},
	doi = {10.1007/978-3-319-89620-5}
}

@book{Riesen2015,
	author = {Riesen, Kaspar},
	year = {2015},
	title = {{Structural Pattern Recognition with Graph Edit Distance}},
	subtitle = {{Approximation Algorithms and Applications}},
	address = {Cham},
	publisher = {{Springer International Publishing}},
	isbn = {978-3-319-27252-8},
	doi = {10.1007/978-3-319-27252-8}
}

@inbook{xxx,
	author = {xxx},
	year = {2006},
	title = {{xxx}},
	booktitle = {{Efficient Approximation and Online Algorithms: Recent Progress on Classical Combinatorial Optimization Problems and New Applications}},
	editor = {Bampis, Evripidis and Jansen, Klaus and Kenyon, Claire},
	address = {Berlin, Heidelberg},
	publisher = {Springer Berlin Heidelberg},
	pages = {xxx--xxx},
	isbn = {978-3-540-32213-9},
	doi = {10.1007/11671541_xxx}
}

@inproceedings{xxx,
	author = {xxx},
	year = {2013},
	title = {{xxx}},
	booktitle = {{Approximation, Randomization, and Combinatorial Optimization. Algorithms and Techniques}},
	editor = {Raghavendra, Prasad and Raskhodnikova, Sofya and Jansen, Klaus and Rolim, Jos{\'e} D. P.},
	address = {Berlin, Heidelberg},
	publisher = {Springer Berlin Heidelberg},
	pages = {xxx--xxx},
	isbn = {978-3-642-40328-6},
	doi = {10.1007/978-3-642-40328-6_xxx}
}

@inproceedings{xxx,
	author = {xxx},
	year = {2008},
	title = {{xxx}},
	booktitle = {{Approximation and Online Algorithms}},
	editor = {Kaklamanis, Christos and Skutella, Martin},
	address = {Berlin, Heidelberg},
	publisher = {Springer Berlin Heidelberg},
	pages = {xxx--xxx},
	isbn = {978-3-540-77918-6},
	doi = {10.1007/978-3-540-77918-6_xxx}
}